@article{inconsistent,
    author = "Maurice Tubiana et. al",
    title = "The Linear No-Threshold Relationship Is Inconsistent with Radiation Biologic and Experimental Data",
    journal = "Radiology",
    volume = "251",
    number = "1",
    pages = "13-22",
    year = "2009",
    DOI = "https://www.ncbi.nlm.nih.gov/pmc/articles/PMC2663584/",
    keywords = "Linear No-Threshold"
}

@article{controversial,
    author = "Wolfgang Weber and Pat Zanzonico",
    title = "The Controversial Linear No-Threshold Model",
    journal = "The Journal of Nuclear Medicine",
    volume = "58",
    number = "1",
    pages = "7-8",
    year = "2017",
    DOI = "http://jnm.snmjournals.org/content/58/1/7.full",
    keywords = "Linear No-Threshold"
}