@book{brannan,
    author    = "David A. Brannan and Matthew F. Esplen and Jeremy J. Gray",
    title     = "Geometry",
    year      = "2012",
    publisher = "Cambridge University Press",
}

@misc{online,
  title = {Chebyshev Distance is Limit of P-Product Metric},
  howpublished = {\url{https://proofwiki.org/wiki/Chebyshev_Distance_is_Limit_of_P-Product_Metric}},
  note = {Accessed: 2018-11-26}
}

@misc{parabola,
  title = {Conic Sections},
  howpublished = {\url{https://proofwiki.org/wiki/Chebyshev_Distance_is_Limit_of_P-Product_Metric}},
  note = {Accessed: 2018-11-26}
}
